
@article{andersen1996return,
  title={Return volatility and trading volume: An information flow interpretation of stochastic volatility},
  author={Andersen, Torben G},
  journal={The Journal of Finance},
  volume={51},
  number={1},
  pages={169--204},
  year={1996},
  publisher={Wiley Online Library}
}




@article{barber2001boys,
  title={Boys will be boys: Gender, overconfidence, and common stock investment},
  author={Barber, Brad M and Odean, Terrance},
  journal={The quarterly journal of economics},
  volume={116},
  number={1},
  pages={261--292},
  year={2001},
  publisher={MIT Press}
}


@article{chordia2006cross,
  title={The cross-section of expected trading activity},
  author={Chordia, Tarun and Huh, Sahn-Wook and Subrahmanyam, Avanidhar},
  journal={The Review of Financial Studies},
  volume={20},
  number={3},
  pages={709--740},
  year={2006},
  publisher={Oxford University Press}
}


@article{chordia2001market,
  title={Market liquidity and trading activity},
  author={Chordia, Tarun and Roll, Richard and Subrahmanyam, Avanidhar},
  journal={The journal of finance},
  volume={56},
  number={2},
  pages={501--530},
  year={2001},
  publisher={Wiley Online Library}
}



@article{barberis2012realization,
  title={Realization utility},
  author={Barberis, Nicholas and Xiong, Wei},
  journal={Journal of Financial Economics},
  volume={104},
  number={2},
  pages={251--271},
  year={2012},
  publisher={Elsevier}
}


@article{brailsford1996empirical,
  title={The empirical relationship between trading volume, returns and volatility},
  author={Brailsford, Timothy J},
  journal={Accounting \& Finance},
  volume={36},
  number={1},
  pages={89--111},
  year={1996},
  publisher={Wiley Online Library}
}


@article{chen2001dynamic,
  title={The dynamic relation between stock returns, trading volume, and volatility},
  author={Chen, Gong-meng and Firth, Michael and Rui, Oliver M},
  journal={Financial Review},
  volume={36},
  number={3},
  pages={153--174},
  year={2001},
  publisher={Wiley Online Library}
}


@article{chui2010individualism,
  title={Individualism and momentum around the world},
  author={Chui, Andy CW and Titman, Sheridan and Wei, KC John},
  journal={The Journal of Finance},
  volume={65},
  number={1},
  pages={361--392},
  year={2010},
  publisher={Wiley Online Library}
}


@article{daniel1998investor,
  title={Investor psychology and security market under-and overreactions},
  author={Daniel, Kent and Hirshleifer, David and Subrahmanyam, Avanidhar},
  journal={the Journal of Finance},
  volume={53},
  number={6},
  pages={1839--1885},
  year={1998},
  publisher={Wiley Online Library}
}






@article{glaser2009past,
  title={Which past returns affect trading volume?},
  author={Glaser, Markus and Weber, Martin},
  journal={Journal of Financial Markets},
  volume={12},
  number={1},
  pages={1--31},
  year={2009},
  publisher={Elsevier}
}



@article{griffin2010market,
  title={Do market efficiency measures yield correct inferences? A comparison of developed and emerging markets},
  author={Griffin, John M and Kelly, Patrick J and Nardari, Federico},
  journal={The Review of Financial Studies},
  volume={23},
  number={8},
  pages={3225--3277},
  year={2010},
  publisher={Oxford University Press}
}


@article{griffin2006investors,
  title={Do investors trade more when stocks have performed well? Evidence from 46 countries},
  author={Griffin, John M and Nardari, Federico and Stulz, Ren{\'e} M},
  journal={The Review of Financial Studies},
  volume={20},
  number={3},
  pages={905--951},
  year={2006},
  publisher={Oxford University Press}
}


@article{jotikasthira2012asset,
  title={Asset fire sales and purchases and the international transmission of funding shocks},
  author={Jotikasthira, Chotibhak and Lundblad, Christian and Ramadorai, Tarun},
  journal={The Journal of Finance},
  volume={67},
  number={6},
  pages={2015--2050},
  year={2012},
  publisher={Wiley Online Library}
}



@article{karolyi2012understanding,
  title={Understanding commonality in liquidity around the world},
  author={Karolyi, G Andrew and Lee, Kuan-Hui and Van Dijk, Mathijs A},
  journal={Journal of Financial Economics},
  volume={105},
  number={1},
  pages={82--112},
  year={2012},
  publisher={Elsevier}
}


@article{koop1996impulse,
  title={Impulse response analysis in nonlinear multivariate models},
  author={Koop, Gary and Pesaran, M Hashem and Potter, Simon M},
  journal={Journal of econometrics},
  volume={74},
  number={1},
  pages={119--147},
  year={1996},
  publisher={Elsevier}
}


@article{nelson1991conditional,
  title={Conditional heteroskedasticity in asset returns: A new approach},
  author={Nelson, Daniel B},
  journal={Econometrica: Journal of the Econometric Society},
  pages={347--370},
  year={1991},
  publisher={JSTOR}
}




@article{statman2006investor,
  title={Investor overconfidence and trading volume},
  author={Statman, Meir and Thorley, Steven and Vorkink, Keith},
  journal={The Review of Financial Studies},
  volume={19},
  number={4},
  pages={1531--1565},
  year={2006},
  publisher={Oxford University Press}
}

